@book{lax,
    author  = "Peter D. Lax",
    title   = "Functional {A}nalysis",
    year    = "2002",
}

@misk{mp,
    title = "Maximum principle for subharmonic functions",
    howpublished = {\url{https://math.stackexchange.com/questions/1489107/maximum-principle-for-subharmonic-functions}},
    author = "martini@StackExchange}
}

@misk{lt,
    title = "How to prove Liouville\s theorem for subharmonic functions",
    howpublished = {\url{https://math.stackexchange.com/questions/1743841/how-to-prove-liouvilles-theorem-for-subharmonic-functions}},
    author = "Ti Wen@StackExchange}
}
